<?xml version="1.0" encoding="UTF-8"?><collection xmlns="http://www.loc.gov/MARC21/slim"><record><leader>00370nam--2200109-i-4500</leader><controlfield tag="001">000025703</controlfield><controlfield tag="002">20161230</controlfield><controlfield tag="005">20161230201036</controlfield><controlfield tag="008">060222s1000------------r-----000-0-eng-d</controlfield><datafield ind1=" " ind2=" " tag="245"><subfield code="a">Journees d`etudes sur la physique des reacteurs a neutrons rapides et a neutrons intermediares. resumes des memoires</subfield></datafield><datafield ind1=" " ind2=" " tag="260"><subfield code="a">Vienne, Agence Intern.De L`Energ.Atom., 1961, F.P</subfield></datafield><datafield ind1=" " ind2=" " tag="852"><subfield code="a">16887</subfield></datafield></record></collection>